@InBook{theBook,
  ALTauthor = 	 {Gediminas Adomavicius,Alexander Tuzhilin},
  ALTeditor = 	 {Francesco Ricci,Lior Rokach, Bracha Shapira, Paul B. Kantor},
  title = 	 {Recommender systems handbook},
  chapter = 	 {7},
  publisher = 	 {Springer},
  year = 	 {2010}
}

@Article{theComputerWeiser,
  author = 	 {Mark Weiser},
  title = 	 {The Computer for the 21st Century},
  journal = 	 {ACM SIGMOBILE Mobile Computing and Communications Review },
  year = 	 {1999}
}

@Article{mahalanobis,
  author = 	 {Prasanta Chandra Mahalanobis},
  title = 	 {On the generalised distance in statistics},
  journal = 	 {Proceedings of the National Institute of Sciences of India},
  year = 	 {1936},
  OPTpages = 	 {49-55}
}

@Article{amazon,
  author = 	 {Linden, G. ; Smith, B. ; York, J.},
  title = 	 {Amazon.com recommendations: Item-to-item collaborative filtering},
  journal = 	 {IEEE Internet Computing},
  year = 	 {2003},
  OPTpages = 	 {76-80}
}

@Article{computer21,
  author = 	 {Weiser, M.},
  title = 	 {The Computer for the 21st Century},
  journal = 	 {Pervasive Computing, IEEE},
  year = 	 {2002},
  OPTvolume = 	 {1},
  OPTnumber = 	 {1},
  OPTpages = 	 {19-25}
}

@Article{VukoticTankovic,
  author = 	 {Vukotić, D. ; Tanković, N.},
  title = 	 {Alati za razvoj aplikacija bez kodiranja},
  journal = 	 {Razvoj poslovnih i informatičkih sustava CASE},
  year = 	 {2011},
  OPTvolume = 	 {23}
}

@manual{gartner2013Iot,
	author = "Gartner",
	title = "Forecast: The Internet of Things, Worldwide, 2013.",
	month = "December",
	year = "2013",
	url = "http://www.gartner.com/newsroom/id/2636073"
},

@manual{ABI2013Iot,
	author = "ABI Research",
	title = "More Than 30 Billion Devices Will Wirelessly Connect to the Internet of Everything in 2020",
	month = "May",
	year = "2013",
	url = "https://www.abiresearch.com/press/more-than-30-billion-devices-will-wirelessly-conne/"
}